[MESSAGE] offset=0 partition=0 value={'pair': 'ETH/USD', 'price': '3458.56000', 'volume': '1.44567742', 'timestamp': '1762549864.660596', 'side': 'b'}
[MESSAGE] offset=0 partition=1 value={'pair': 'ETH/USD', 'price': '3458.56000', 'volume': '1.44569097', 'timestamp': '1762549864.660596', 'side': 'b'}
[MESSAGE] offset=1 partition=1 value={'pair': 'XBT/USD', 'price': '103398.00000', 'volume': '0.00008841', 'timestamp': '1762549865.769150', 'side': 'b'}
[MESSAGE] offset=0 partition=2 value={'pair': 'XBT/USD', 'price': '103398.00000', 'volume': '0.00241784', 'timestamp': '1762549865.849340', 'side': 'b'}
[MESSAGE] offset=1 partition=0 value={'pair': 'ETH/USD', 'price': '3458.51000', 'volume': '2.89137675', 'timestamp': '1762549869.447201', 'side': 'b'}
[MESSAGE] offset=2 partition=1 value={'pair': 'XBT/USD', 'price': '103397.90000', 'volume': '0.00002203', 'timestamp': '1762549871.085812', 'side': 's'}
[MESSAGE] offset=2 partition=0 value={'pair': 'ETH/USD', 'price': '3458.51000', 'volume': '2.89141855', 'timestamp': '1762549871.223144', 'side': 'b'}
[MESSAGE] offset=3 partition=1 value={'pair': 'ETH/USD', 'price': '3458.17000', 'volume': '1.77836675', 'timestamp': '1762549871.328770', 'side': 's'}
[MESSAGE] offset=3 partition=0 value={'pair': 'ETH/USD', 'price': '3458.50000', 'volume': '0.42188132', 'timestamp': '1762549871.328770', 'side': 's'}
[MESSAGE] offset=4 partition=0 value={'pair': 'ETH/USD', 'price': '3458.34000', 'volume': '0.30000000', 'timestamp': '1762549871.328770', 'side': 's'}
[MESSAGE] offset=4 partition=1 value={'pair': 'XBT/USD', 'price': '103397.90000', 'volume': '1.08255878', 'timestamp': '1762549872.583868', 'side': 's'}
[MESSAGE] offset=1 partition=2 value={'pair': 'XBT/USD', 'price': '103397.90000', 'volume': '0.12108622', 'timestamp': '1762549872.583867', 'side': 's'}
[MESSAGE] offset=2 partition=2 value={'pair': 'XBT/USD', 'price': '103397.90000', 'volume': '0.18870000', 'timestamp': '1762549872.583868', 'side': 's'}
[MESSAGE] offset=3 partition=2 value={'pair': 'XBT/USD', 'price': '103398.00000', 'volume': '0.00230865', 'timestamp': '1762549873.263427', 'side': 'b'}
[MESSAGE] offset=5 partition=0 value={'pair': 'XBT/USD', 'price': '103398.00000', 'volume': '0.00009299', 'timestamp': '1762549874.315262', 'side': 'b'}
[MESSAGE] offset=4 partition=2 value={'pair': 'ETH/USD', 'price': '3458.18000', 'volume': '0.00287703', 'timestamp': '1762549874.691921', 'side': 'b'}
[MESSAGE] offset=6 partition=0 value={'pair': 'XBT/USD', 'price': '103398.00000', 'volume': '0.00094355', 'timestamp': '1762549876.631213', 'side': 'b'}
[MESSAGE] offset=5 partition=2 value={'pair': 'ETH/USD', 'price': '3458.01000', 'volume': '1.44591831', 'timestamp': '1762549882.732950', 'side': 'b'}
[MESSAGE] offset=6 partition=2 value={'pair': 'ETH/USD', 'price': '3458.01000', 'volume': '0.83530000', 'timestamp': '1762549882.732950', 'side': 'b'}
[MESSAGE] offset=7 partition=0 value={'pair': 'ETH/USD', 'price': '3458.01000', 'volume': '0.31130169', 'timestamp': '1762549882.732950', 'side': 'b'}
[MESSAGE] offset=7 partition=2 value={'pair': 'ETH/USD', 'price': '3458.01000', 'volume': '2.89169447', 'timestamp': '1762549883.499552', 'side': 'b'}
[MESSAGE] offset=8 partition=2 value={'pair': 'XBT/USD', 'price': '103398.00000', 'volume': '0.00019247', 'timestamp': '1762549885.057016', 'side': 'b'}
[MESSAGE] offset=9 partition=2 value={'pair': 'ETH/USD', 'price': '3458.01000', 'volume': '2.89183663', 'timestamp': '1762549887.246844', 'side': 'b'}
[MESSAGE] offset=10 partition=2 value={'pair': 'XBT/USD', 'price': '103398.00000', 'volume': '0.00241784', 'timestamp': '1762549890.850083', 'side': 'b'}
[MESSAGE] offset=8 partition=0 value={'pair': 'XBT/USD', 'price': '103397.90000', 'volume': '0.00010000', 'timestamp': '1762549891.940206', 'side': 's'}
[MESSAGE] offset=9 partition=0 value={'pair': 'XBT/USD', 'price': '103397.90000', 'volume': '0.00771424', 'timestamp': '1762549891.940206', 'side': 's'}
[MESSAGE] offset=5 partition=1 value={'pair': 'XBT/USD', 'price': '103397.90000', 'volume': '0.00048356', 'timestamp': '1762549891.940206', 'side': 's'}
[MESSAGE] offset=6 partition=1 value={'pair': 'XBT/USD', 'price': '103397.90000', 'volume': '0.00048380', 'timestamp': '1762549891.940206', 'side': 's'}
[MESSAGE] offset=7 partition=1 value={'pair': 'XBT/USD', 'price': '103397.90000', 'volume': '0.00100000', 'timestamp': '1762549891.940206', 'side': 's'}
[MESSAGE] offset=8 partition=1 value={'pair': 'XBT/USD', 'price': '103397.90000', 'volume': '0.00029249', 'timestamp': '1762549891.940206', 'side': 's'}
[MESSAGE] offset=9 partition=1 value={'pair': 'XBT/USD', 'price': '103397.90000', 'volume': '0.06799218', 'timestamp': '1762549891.940206', 'side': 's'}
[MESSAGE] offset=11 partition=2 value={'pair': 'XBT/USD', 'price': '103397.90000', 'volume': '0.00895139', 'timestamp': '1762549891.940206', 'side': 's'}
[MESSAGE] offset=12 partition=2 value={'pair': 'XBT/USD', 'price': '103397.90000', 'volume': '0.00020000', 'timestamp': '1762549891.940206', 'side': 's'}
[MESSAGE] offset=13 partition=2 value={'pair': 'XBT/USD', 'price': '103397.90000', 'volume': '0.00241784', 'timestamp': '1762549891.940206', 'side': 's'}
[MESSAGE] offset=14 partition=2 value={'pair': 'XBT/USD', 'price': '103397.90000', 'volume': '0.00020000', 'timestamp': '1762549891.940206', 'side': 's'}
[MESSAGE] offset=10 partition=0 value={'pair': 'XBT/USD', 'price': '103398.00000', 'volume': '0.00085311', 'timestamp': '1762549893.472869', 'side': 'b'}
[MESSAGE] offset=11 partition=0 value={'pair': 'XBT/USD', 'price': '103398.00000', 'volume': '0.00040000', 'timestamp': '1762549894.264404', 'side': 'b'}
